<?xml version="1.0" encoding="utf-8"?>
<record xmlns="http://www.loc.gov/MARC21/slim" xmlns:xsi="http://www.w3.org/2001/XMLSchema-instance" xsi:schemaLocation="http://www.loc.gov/MARC21/slim http://www.loc.gov/standards/marcxml/schema/MARC21slim.xsd">
	<leader>     nam a22     Mi 4500</leader>
	<controlfield tag="001">b12491962</controlfield>
	<controlfield tag="003">LeBAU</controlfield>
	<controlfield tag="006">m        d        </controlfield>
	<controlfield tag="007">cr cn |||m|||a</controlfield>
	<controlfield tag="008">210702s1926    ua      o     ||0 0 ara d</controlfield>
	<datafield ind1=" " ind2=" " tag="040">
		<subfield code="a">ZYU</subfield>
		<subfield code="b">ara</subfield>
		<subfield code="e">rda</subfield>
		<subfield code="c">ZYU</subfield>
	</datafield>
	<datafield ind1="0" ind2="4" tag="082">
		<subfield code="a">492.75</subfield>
		<subfield code="2">23</subfield>
	</datafield>
	<datafield ind1="1" ind2=" " tag="100">
		<subfield code="6">880-01</subfield>
		<subfield code="a">Khuḍarī, Muḥammad,</subfield>
		<subfield code="d">1798-1870 or 1871.</subfield>
		<subfield code="e">author.</subfield>
		<subfield code="0">https://lccn.loc.gov/n83056201 ,</subfield>
	</datafield>
	<datafield ind1="1" ind2="0" tag="245">
		<subfield code="6">880-02</subfield>
		<subfield code="a">Ḥāshiyat al-ʻālim al-ʻallāmah al-ḥabr al-fahhāmah man huwa bi-kull waṣf jamīl ḥarī mawlānā al-ustādh al-fāḍil al-Shaykh Muḥammad al-Khuḍarī :</subfield>
		<subfield code="b">ʻalá sharḥ al-muḥaqqiq al-jalīl al-ʻallāmah al-humām Ibn ʻAqīl ʻalá Alfīyat ibn Mālik. Wa-bi-al-hāmish Sharḥ ibn ʻAqīl al-madhkūr.</subfield>
	</datafield>
	<datafield ind1="1" ind2=" " tag="246">
		<subfield code="6">880-03</subfield>
		<subfield code="a">Ḥāshiyat al-Shaykh Muḥammad al-Khuḍarī ʻalá sharḥ al-muḥaqqiq ibn ʻAqīl li-Alfīyat ibn Mālik. Wa-bi-al-hāmish Sharḥ Ibn ʻAqīl al-madhkūr</subfield>
	</datafield>
	<datafield ind1=" " ind2=" " tag="250">
		<subfield code="6">880-04</subfield>
		<subfield code="a">al-Ṭabʻah al-sādisah.</subfield>
	</datafield>
	<datafield ind1=" " ind2="1" tag="264">
		<subfield code="6">880-05</subfield>
		<subfield code="a">Miṣr :</subfield>
		<subfield code="b">al-Maṭbaʻah al-Azharīyah,</subfield>
		<subfield code="c">1345 H. = 1926 M.</subfield>
	</datafield>
	<datafield ind1=" " ind2=" " tag="300">
		<subfield code="6">880-06</subfield>
		<subfield code="a">online resource (1 volume)</subfield>
	</datafield>
	<datafield ind1=" " ind2=" " tag="336">
		<subfield code="a">text</subfield>
		<subfield code="2">rdacontent</subfield>
	</datafield>
	<datafield ind1=" " ind2=" " tag="337">
		<subfield code="a">computer</subfield>
		<subfield code="2">rdamedia</subfield>
	</datafield>
	<datafield ind1=" " ind2=" " tag="338">
		<subfield code="a">online resource</subfield>
		<subfield code="2">rdacarrier</subfield>
	</datafield>
	<datafield ind1=" " ind2=" " tag="500">
		<subfield code="a">Part of the Arabic Collections Online (ACO) project, contributed by American University of Beirut's Jafet Memorial Library.</subfield>
	</datafield>
	<datafield ind1=" " ind2=" " tag="533">
		<subfield code="a">Electronic reproduction.</subfield>
		<subfield code="b">New York, N.Y. :</subfield>
		<subfield code="c">New York University,</subfield>
		<subfield code="d">2021.</subfield>
		<subfield code="5">NNU</subfield>
	</datafield>
	<datafield ind1="1" ind2="0" tag="600">
		<subfield code="6">880-07</subfield>
		<subfield code="a">Ibn Mālik, Muḥammad ibn ʻAbd Allāh,</subfield>
		<subfield code="d">-1274.</subfield>
		<subfield code="t">Alfīyah.</subfield>
	</datafield>
	<datafield ind1="1" ind2="0" tag="600">
		<subfield code="6">880-08</subfield>
		<subfield code="a">Ibn ʻAqīl, ʻAbd Allāh ibn ʻAbd al-Raḥmān,</subfield>
		<subfield code="d">1294?-1367.</subfield>
		<subfield code="t">Sharḥ Ibn ʻAqīl ʻalá Alfīyat Ibn Mālik.</subfield>
	</datafield>
	<datafield ind1=" " ind2="0" tag="650">
		<subfield code="6">880-09</subfield>
		<subfield code="a">Arabic language</subfield>
		<subfield code="x">Grammar.</subfield>
	</datafield>
	<datafield ind1="1" ind2="2" tag="700">
		<subfield code="6">880-10</subfield>
		<subfield code="a">Ibn ʻAqīl, ʻAbd Allāh ibn ʻAbd al-Raḥmān,</subfield>
		<subfield code="d">1294?-1367.</subfield>
		<subfield code="t">Sharḥ Ibn ʻAqīl ʻalá Alfīyat Ibn Mālik.</subfield>
		<subfield code="0">https://lccn.loc.gov/n83056193</subfield>
	</datafield>
	<datafield ind1="1" ind2="2" tag="700">
		<subfield code="6">880-11</subfield>
		<subfield code="a">Ibn Mālik, Muḥammad ibn ʻAbd Allāh,</subfield>
		<subfield code="d">-1274.</subfield>
		<subfield code="t">Alfīyah.</subfield>
		<subfield code="0">https://lccn.loc.gov/n83056203</subfield>
	</datafield>
	<datafield ind1="2" ind2=" " tag="710">
		<subfield code="a">Jafet Memorial Library.</subfield>
	</datafield>
	<datafield ind1="0" ind2=" " tag="730">
		<subfield code="a">Arabic Collections Online.</subfield>
	</datafield>
	<datafield ind1="0" ind2="8" tag="775">
		<subfield code="6">880-12</subfield>
		<subfield code="i">has designation of edition</subfield>
		<subfield code="4">http://rdaregistry.info/Elements/m/P30133 :</subfield>
		<subfield code="a">Khuḍarī, Muḥammad, 1798-1870 or 1871.</subfield>
		<subfield code="t">Ḥāshiyat al-ʻālim al-ʻallāmah al-ḥabr al-fahhāmah man huwa bi-kull waṣf jamīl ḥarī mawlānā al-ustādh al-fāḍil al-Shaykh Muḥammad al-Khuḍarī afāḍa Allāh ʻalayhi saḥāʼib raḥamātih wa-aʻāda ʻalaynā wa-ʻalá al-Muslimīn min ṣāliḥ daʻawātih ʻalá sharḥ al-muḥaqqiq al-jalīl al-ʻallāmah al-humām Ibn ʻAqīl ʻalá Alfīyat ibn Mālik. Wa-bi-al-hāmish Sharḥ Ibn ʻAqīl al-madhkūr.</subfield>
		<subfield code="d">Miṣr : al-Mabaṭah alʻ-Maymanyah, 1305 H. = 1887 M.</subfield>
		<subfield code="w">(LEAUB)b23465669</subfield>
	</datafield>
	<datafield ind1="0" ind2="8" tag="776">
		<subfield code="i">Print version:</subfield>
		<subfield code="a">Khuḍarī, Muḥammad, 1798-1870 or 1871. author. https://lccn.loc.gov/n83056201 ,</subfield>
		<subfield code="t">Ḥāshiyat al-ʻālim al-ʻallāmah al-ḥabr al-fahhāmah man huwa bi-kull waṣf jamīl ḥarī mawlānā al-ustādh al-fāḍil al-Shaykh Muḥammad al-Khuḍarī</subfield>
		<subfield code="w">(LeBAU)b12491962</subfield>
	</datafield>
	<datafield ind1="4" ind2="0" tag="856">
		<subfield code="u">http://hdl.handle.net/2333.1/6djhb6hb</subfield>
	</datafield>
	<datafield ind1="1" ind2=" " tag="880">
		<subfield code="6">100-01</subfield>
		<subfield code="a">الخضري، محمد،</subfield>
		<subfield code="d">1798-1870 او 1871،</subfield>
		<subfield code="0">https://lccn.loc.gov/n83056201 ,</subfield>
		<subfield code="e">مؤلف.</subfield>
		<subfield code="4">aut.</subfield>
	</datafield>
	<datafield ind1="1" ind2="0" tag="880">
		<subfield code="6">245-02</subfield>
		<subfield code="a">حاشية العالم العلامة الحبر الفهامة من هو بكل وصف جميل حري مولانا الأستاذ الفاضل الشيخ محمد الخضري :</subfield>
		<subfield code="b">على شرح المحقق الجليل العلامة الهمام ابن عقيل على ألفية بن مالك. وبالهامش شرح بن عقيل المذكور.</subfield>
	</datafield>
	<datafield ind1="1" ind2=" " tag="880">
		<subfield code="6">246-03</subfield>
		<subfield code="a">حاشية الشيخ محمد الخضري على شرح المحقق بن عقيل لألفية بن مالك. وبالهامش شرح ابن عقيل المذكور</subfield>
	</datafield>
	<datafield ind1=" " ind2=" " tag="880">
		<subfield code="6">250-04</subfield>
		<subfield code="a">الطبعة السادسة.</subfield>
	</datafield>
	<datafield ind1=" " ind2="1" tag="880">
		<subfield code="6">264-05</subfield>
		<subfield code="a">مصر :</subfield>
		<subfield code="b">المطبعة الأزهرية،</subfield>
		<subfield code="c">1345 هـ. = 1926 م.</subfield>
	</datafield>
	<datafield ind1=" " ind2=" " tag="880">
		<subfield code="6">300-06</subfield>
		<subfield code="a">1 جزء ؛</subfield>
		<subfield code="c">27 سم</subfield>
	</datafield>
	<datafield ind1=" " ind2=" " tag="880">
		<subfield code="6">500-00</subfield>
		<subfield code="a">العنوان أخذ من الصفحة الثانية.</subfield>
	</datafield>
	<datafield ind1=" " ind2=" " tag="880">
		<subfield code="6">500-00</subfield>
		<subfield code="a">2 جزء ببليوغرافي في 1 جزء مادي.</subfield>
	</datafield>
	<datafield ind1="1" ind2="4" tag="880">
		<subfield code="6">600-07</subfield>
		<subfield code="a">ابن مالك، محمد بن عبد الله،</subfield>
		<subfield code="d">-1274.</subfield>
		<subfield code="t">الألفية.</subfield>
	</datafield>
	<datafield ind1="1" ind2="4" tag="880">
		<subfield code="6">600-08</subfield>
		<subfield code="a">ابن عقيل، عبد الله بن عبد الرحمن،</subfield>
		<subfield code="d">1294؟-1367.</subfield>
		<subfield code="t">شرح بن عقيل على ألفية إبن مالك.</subfield>
	</datafield>
	<datafield ind1=" " ind2="4" tag="880">
		<subfield code="6">650-09</subfield>
		<subfield code="a">اللغة العربية</subfield>
		<subfield code="x">قواعد.</subfield>
	</datafield>
	<datafield ind1="1" ind2="2" tag="880">
		<subfield code="6">700-10</subfield>
		<subfield code="a">ابن عقيل، عبد الله بن عبد الرحمن،</subfield>
		<subfield code="d">1294؟-1367.</subfield>
		<subfield code="t">شرح بن عقيل على ألفية إبن مالك..</subfield>
		<subfield code="0">https://lccn.loc.gov/n83056193</subfield>
	</datafield>
	<datafield ind1="1" ind2="2" tag="880">
		<subfield code="6">700-11</subfield>
		<subfield code="a">ابن مالك، محمد بن عبد الله،</subfield>
		<subfield code="d">-1274.</subfield>
		<subfield code="t">الألفية في النحو.</subfield>
		<subfield code="0">https://lccn.loc.gov/n83056203</subfield>
	</datafield>
	<datafield ind1="0" ind2="8" tag="880">
		<subfield code="6">775-12</subfield>
		<subfield code="i">دلالة على الطبعة</subfield>
		<subfield code="4">http://rdaregistry.info/Elements/m/P30133 :</subfield>
		<subfield code="a">الخضري، محمد، 1798-1870 او 1871.</subfield>
		<subfield code="t">حاشية العالم العلامة الحبر الفهامة من هو بكل وصف جميل حري مولانا الأستاذ الفاضل الشيخ محمد الخضري أفاض الله عليه سحائب رحماته وأعاد علينا وعلى المسلمين من صالح دعواته على شرح المحقق الجليل العلامة الهمام إبن عقيل على ألفية الإمام إبن مالك. وبالهامش الشرح المذكور.</subfield>
		<subfield code="d">مصر : المطبعة الميمنية، 1305 هـ. = 1887 م.</subfield>
		<subfield code="w">(LEAUB)b23465669</subfield>
	</datafield>
	<datafield ind1=" " ind2=" " tag="959">
		<subfield code="a">NNU</subfield>
		<subfield code="b">WEB</subfield>
		<subfield code="c">GENI</subfield>
		<subfield code="t">0</subfield>
		<subfield code="m">Electronic access</subfield>
		<subfield code="s">01</subfield>
	</datafield>
	<datafield ind1=" " ind2=" " tag="999">
		<subfield code="i">LeBAU_b12491962</subfield>
		<subfield code="s">aub_aco004394</subfield>
		<subfield code="e">(ERROR-MISC)</subfield>
		<subfield code="s">aub_aco004394</subfield>
	</datafield>
</record>
